@string{cnam="Conservatoir Nation des Arts et Métiers"}
@string{enjmin="École Nationale du Jeu et des Médias Interactifs Numériques"}

@misc{enjminpro,
AUTHOR="ENJMIN",
TITLE="Un master reconnu par les pros !",
JOURNAL=enjmin,
YEAR="2014",
HOWPUBLISHED="\url{http://www.enjmin.fr/offre-de-formation/master-jmin/presentation}",
NOTE="[Online; accessed 13-Dec-2014]"
}

@misc{gamagorasite,
AUTHOR="Gamagora",
TITLE="Master 2 Programmation",
JOURNAL="Site du Gamagora",
YEAR="2014",
HOWPUBLISHED="\url{http://gamagora.univ-lyon2.fr/programmeur.php}",
NOTE="[Online; accessed 13-Dec-2014]"
}

@misc{wikiscrum,
AUTHOR="Wikipédia",
TITLE="Définition du SCRUM",
JOURNAL="Wikipédia",
YEAR="2014",
HOWPUBLISHED="\url{http://fr.wikipedia.org/wiki/Scrum_\%28m\%C3\%A9thode\%29}",
NOTE="[Online; accessed 16-Dec-2014]"
}

@misc{wikicenv,
AUTHOR="Wikipédia",
TITLE="Définition du Cercle en V",
JOURNAL="Wikipédia",
YEAR="2014",
HOWPUBLISHED="\url{https://fr.wikipedia.org/wiki/Cycle_en_V}",
NOTE="[Online; accessed 17-Dec-2014]"
}

@misc{onisepjv,
AUTHOR="ONISEP",
TITLE="Description des métiers du jeu vidéo",
JOURNAL="ONISEP",
YEAR="2013",
HOWPUBLISHED="\url{http://www.onisep.fr/Ressources/Univers-Metier/Metiers/directeur-trice-artistique}",
NOTE="[Online; accessed 17-Dec-2014]"
}

@misc{unity3dsite,
AUTHOR="Apple",
TITLE="Description du logiciel Unity3D",
JOURNAL="Apple",
YEAR="2014",
HOWPUBLISHED="\url{http://unity3d.com/learn}",
NOTE="[Online; accessed 17-Dec-2014]"
}

@misc{afjvls,
AUTHOR="AFJV",
TITLE="Liste des studio de jeu vidéo de france",
JOURNAL="AFJV",
YEAR="2014",
HOWPUBLISHED="\url{http://www.afjv.com/annuaire_studio.php?d=100}",
NOTE="[Online; accessed 27-Dec-2014]"
}

@misc{afjvjobs,
AUTHOR="AFJV",
TITLE="Offres d'emplois dans le jeu vidéo",
JOURNAL="AFJV",
YEAR="2014",
HOWPUBLISHED="\url{http://emploi.afjv.com/video_game_ads.php}",
NOTE="[Online; accessed 27-Dec-2014]"
}


@misc{artesa,
AUTHOR="Entertainment Software Association",
TITLE="U.S. video game industry grows 4 times faster than american economy",
JOURNAL="ESA",
YEAR="2014",
HOWPUBLISHED="\url{http://www.afjv.com/news/4473_video-game-industry-grows-4x-faster-than-american-economy.htm}",
NOTE="[Online; accessed 27-Dec-2014, edited on 12-Nov-2014]"
}

@misc{artministre,
AUTHOR="Ministère des Affaires Étrangères et du développement internationnal",
TITLE="La France, deuxième plus important producteur au monde de jeux vidéo",
JOURNAL="\url{Diplomatie.gouv.fr}",
YEAR="2014",
HOWPUBLISHED="\url{http://www.afjv.com/news/3700_la-france-2eme-plus-important-producteur-de-jeux-video.htm}",
NOTE="[Online; accessed 27-Dec-2014, edited on 26-Avr-2014]"
}


http://www.afjv.com/news/3700_la-france-2eme-plus-important-producteur-de-jeux-video.htm



